<record><leader>00000cas a2200000 a 4500</leader><controlfield tag="001">19011018</controlfield><controlfield tag="008">890112d19331939kyuwr ne      0    0eng d</controlfield><datafield ind1=" " ind2=" " tag="010"><subfield code="a">sn 89058042 </subfield></datafield><datafield ind1=" " ind2=" " tag="040"><subfield code="a">KNP</subfield><subfield code="b">eng</subfield><subfield code="c">KNP</subfield><subfield code="d">TGN</subfield><subfield code="d">OCL</subfield><subfield code="d">OCLCQ</subfield><subfield code="d">OCLCF</subfield><subfield code="d">OCLCO</subfield></datafield><datafield ind1="1" ind2=" " tag="029"><subfield code="a">AU@</subfield><subfield code="b">000020656288</subfield></datafield><datafield ind1=" " ind2=" " tag="042"><subfield code="a">msc</subfield></datafield><datafield ind1=" " ind2=" " tag="043"><subfield code="a">n-us-tn</subfield></datafield><datafield ind1="0" ind2=" " tag="130"><subfield code="a">Clinton courier (Clinton, Tenn.)</subfield></datafield><datafield ind1="1" ind2="0" tag="245"><subfield code="a">Clinton courier.</subfield></datafield><datafield ind1=" " ind2=" " tag="260"><subfield code="a">Clinton, Tenn. :</subfield><subfield code="b">Clinton Print. Co.,</subfield><subfield code="c">1933-1939.</subfield></datafield><datafield ind1=" " ind2=" " tag="300"><subfield code="a">v. :</subfield><subfield code="b">ill.</subfield></datafield><datafield ind1=" " ind2=" " tag="310"><subfield code="a">Weekly</subfield></datafield><datafield ind1="0" ind2=" " tag="362"><subfield code="a">Vol. 1, no. 1 (Aug. 31, 1933)-v. 6, no 42 (June 8, 1939).</subfield></datafield><datafield ind1=" " ind2=" " tag="500"><subfield code="a">Some 1934 and 1935 issues include pages with the titles Coal Creek Courier and The Clintonian.</subfield></datafield><datafield ind1=" " ind2=" " tag="525"><subfield code="a">Issues for July 23, 1936-June 8, 1939 include Norris supplement.</subfield></datafield><datafield ind1=" " ind2=" " tag="580"><subfield code="a">Merged with: Anderson County news, to form: Clinton courier and Anderson County news.</subfield></datafield><datafield ind1=" " ind2="0" tag="651"><subfield code="a">Clinton (Tenn.)</subfield><subfield code="v">Newspapers.</subfield></datafield><datafield ind1=" " ind2="0" tag="651"><subfield code="a">Norris (Tenn.)</subfield><subfield code="v">Newspapers.</subfield></datafield><datafield ind1=" " ind2="0" tag="651"><subfield code="a">Anderson County (Tenn.)</subfield><subfield code="v">Newspapers.</subfield></datafield><datafield ind1=" " ind2="7" tag="655"><subfield code="a">Newspapers.</subfield><subfield code="2">fast</subfield><subfield code="0">(OCoLC)fst01423814</subfield></datafield><datafield ind1=" " ind2="7" tag="651"><subfield code="a">Tennessee</subfield><subfield code="z">Anderson County.</subfield><subfield code="2">fast</subfield><subfield code="0">(OCoLC)fst01218673</subfield></datafield><datafield ind1=" " ind2="7" tag="651"><subfield code="a">Tennessee</subfield><subfield code="z">Clinton.</subfield><subfield code="2">fast</subfield><subfield code="0">(OCoLC)fst01213479</subfield></datafield><datafield ind1=" " ind2="7" tag="651"><subfield code="a">Tennessee</subfield><subfield code="z">Norris.</subfield><subfield code="2">fast</subfield><subfield code="0">(OCoLC)fst01215880</subfield></datafield><datafield ind1=" " ind2=" " tag="752"><subfield code="a">United States</subfield><subfield code="b">Tennessee</subfield><subfield code="c">Anderson</subfield><subfield code="d">Clinton.</subfield></datafield><datafield ind1=" " ind2=" " tag="752"><subfield code="a">United States</subfield><subfield code="b">Tennessee</subfield><subfield code="c">Anderson</subfield><subfield code="d">Norris.</subfield></datafield><datafield ind1="1" ind2="7" tag="785"><subfield code="t">Anderson County news</subfield><subfield code="w">(DLC)sn 98069885</subfield></datafield><datafield ind1="1" ind2="7" tag="785"><subfield code="t">Clinton courier and Anderson County news</subfield><subfield code="w">(DLC)sn 89058041</subfield></datafield></record>